<record><leader>00000cas a22000007a 4500</leader><controlfield tag="001">18788092</controlfield><controlfield tag="008">881121d187u1918nyuwr ne      0    0eng d</controlfield><datafield ind1=" " ind2=" " tag="010"><subfield code="a">sn 88081050 </subfield></datafield><datafield ind1=" " ind2=" " tag="040"><subfield code="a">NPH</subfield><subfield code="b">eng</subfield><subfield code="c">NPH</subfield><subfield code="d">NYS</subfield><subfield code="d">OCLCQ</subfield></datafield><datafield ind1=" " ind2=" " tag="042"><subfield code="a">msc</subfield></datafield><datafield ind1="0" ind2=" " tag="130"><subfield code="a">Chautauqua news (Sherman, N.Y. : 1879)</subfield></datafield><datafield ind1="1" ind2="4" tag="245"><subfield code="a">The Chautauqua news.</subfield></datafield><datafield ind1=" " ind2=" " tag="260"><subfield code="a">Sherman, N.Y. :</subfield><subfield code="b">E.W. Hoag</subfield></datafield><datafield ind1=" " ind2=" " tag="300"><subfield code="a">v.</subfield></datafield><datafield ind1=" " ind2=" " tag="310"><subfield code="a">Weekly</subfield></datafield><datafield ind1="0" ind2=" " tag="362"><subfield code="a">-v. 43, no. 38 (Oct. 15, 1918).</subfield></datafield><datafield ind1=" " ind2=" " tag="500"><subfield code="a">Publishers: E.W. Hoag, -Dec. 17, 1879; C.E. Sheldon, Dec. 24, 1879-1918.</subfield></datafield><datafield ind1=" " ind2=" " tag="515"><subfield code="a">Numbering for issues, &lt;Dec. 17, 1879-Oct. 16, 1901&gt; designated as: &lt;4th year, no. 40-26th yr., no. 35&gt;; volume numbering used for: &lt;Vol. 37, no. 40 (Nov. 5, 1912)&gt;-v. 43, no. 38 (Oct. 15, 1918).</subfield></datafield><datafield ind1=" " ind2=" " tag="588"><subfield code="a">Description based on: 4th year, no. 40 (Dec. 17, 1879).</subfield></datafield><datafield ind1=" " ind2="4" tag="651"><subfield code="a">Sherman (N.Y.)</subfield><subfield code="v">Newspapers.</subfield></datafield><datafield ind1=" " ind2=" " tag="752"><subfield code="a">United States</subfield><subfield code="b">New York</subfield><subfield code="c">Chautauqua</subfield><subfield code="d">Sherman.</subfield></datafield><datafield ind1="0" ind2="0" tag="780"><subfield code="t">Chautauqua County news</subfield><subfield code="w">(DLC)sn 93063781</subfield></datafield><datafield ind1="0" ind2="5" tag="780"><subfield code="t">Sherman advance</subfield><subfield code="w">(DLC)sn 91066198</subfield><subfield code="w">(OCoLC)23002841</subfield></datafield><datafield ind1="0" ind2="5" tag="780"><subfield code="t">Panama herald (Panama N.Y. : 1879)</subfield><subfield code="g">1901</subfield><subfield code="w">(DLC)sn 92063736</subfield></datafield><datafield ind1="0" ind2="0" tag="785"><subfield code="t">Chautauqua news and Sherman advance</subfield><subfield code="w">(DLC)sn 91066199</subfield><subfield code="w">(OCoLC)23002908</subfield></datafield><datafield ind1="1" ind2=" " tag="029"><subfield code="a">AU@</subfield><subfield code="b">000020539271</subfield></datafield></record>